@Wikipedia{LaTeXWikipedia,
   author     = {Wikipedia},
   title      = {{LaTeX}},
   wpentry    = {LaTeX},
   language   = {es},
   webpage    = {http://es.wikipedia.org/wiki/LaTeX},
   lastaccess = {Marzo, 2013},
   year = 2013	
}

@BOOK{cplusplus,
    AUTHOR="Bjarne Stroustrup",
    TITLE="The C++ Programming Language, Third Edition.",
    PUBLISHER="Addison-Wesley",
    ADDRESS="Murray Hill, New Jersey",
    YEAR=1997
}

@ARTICLE{McCabe,
        AUTHOR  = "Thomas McCabe",
        TITLE   = "A Complexity Measure",
        JOURNAL = "IEEE Transactions on Software Engineering",
        VOLUME  = "2",
        NUMBER  = "4",
        PAGES   = "308-320",
        YEAR    = "1976",
        URL     = "http://www.literateprogramming.com/mccabe.pdf"
}

@BOOK{ResponsibilityDesign,
    AUTHOR  = "Rebeca Wirfs-Brock and Alan McKean",
    TITLE   = "Object Design Roles, Responsibilities and Collaborations",
    PUBLISHER = "Addison Weasley",
    YEAR    = "2002",
    ISBN    = "0201379430"
}

@BOOK{genetica,
    AUTHOR  = "Robert H. Tamarin",
    TITLE   = "Principios de Genética",
    PUBLISHER = "Editorial Reverté S.A",
    YEAR    = "1996",
    ISBN    = "8429118500"
}

@BOOK{genetica2,
    AUTHOR  = "Benjamin A. Pierce",
    TITLE   = "Genética: Un enfoque conceptual",
    PUBLISHER = "Editorial Médica Panamericana",
    YEAR    = "2009",
    ISBN    = "9788498352160"
}

@BOOK{energialibre,
    AUTHOR  = "Eldra Pearl Solomon",
    TITLE   = "Biología de Ville",
    YEAR    = "1998",
    ISBN    = "0030103533"
}

@Misc{Martin00,
  title = "Design Principles and Design Patterns",
  author = "Robert C. Martin",
  howpublished = "www.objectmentor.com",
  year = "2000"
}

@MISC{NCBI,
  author        = "Genebank",
  title         = "NCBI, National Center for Biotechnology Information",
  howpublished  = "WWW page",
  year          = "1999",
  url           = "http://www.ncbi.nlm.nih.gov/Genbank/genbankstats.html"
}

@BOOK{clus09,
	title = "A Framework for Small Distributed Projects and a Protein Clusterer Application",
	author = "Guillermo Biset",
	school = "Universidad Nacional de Río Cuarto",
	year = "2009"
}

@ARTICLE{miRNA2,
  title = "Virus-specific
host miRNAs: antiviral defenses or promoters of persistent infection?",
  author = "Vinay S. Mahajan",
  year = "2008"
}

@ARTICLE{miRNA,
  title = "siRNA, miRNA and HIV: promises and challenges",
  author = "Man Lung YEUNG",
  year = "2005"
}

@BOOK{ProgDinaminca,
	title = "Dynamic Programming",
	author = "R. E. Bellman",
	school = "Princeton University Press, Princeton",
	year = "1957"
}

@BOOK{arquitecturaSistema,
  title = "An Introduction to Software Architecture",
  author = "Garlan  && Shaw",
  school = "Carnegie Mellon University",
  year = "1994"
}

@ARTICLE{motifs,
   TITLE="{RNA structural motifs : building blocks of a modular biomolecule.}",
   AUTHOR="{D. K. Hendrix at el.}",
   YEAR=2006
}

@ARTICLE{freeEnergy,
   TITLE="{Thermodynamics of RNA-RNA Interaction.}",
   AUTHOR="{U. Muckstein \& H. Tafer.}",
   YEAR=2006
}

@ARTICLE{holme,
   TITLE="{The extent of codon usage bias in human RNA viruses and its evolutionary origin}",
   AUTHOR="{Gareth M. Jenkins and Edward C. Holmes.}",
   YEAR=2003
}

@ARTICLE{zuker,
   TITLE="{Computational Methods for RNA Secondary Structure}",
   AUTHOR="{Zuker, Michael}", 
   YEAR=2006
}

@ARTICLE{Welch,
   TITLE="{Designing genes for successful protein expression}",
   AUTHOR="{Welch, et al.}", 
   PAGES =	{43-66},
   YEAR=2011
}

@Article{Zuker81,
	title = "Optimal computer folding of large RNA sequences using thermodynamics and auxiliary information ",
	author = "Michael Zuker and Patrick Stiegler",
	journal = "Nucleic Acids Research",
	volume = "9",
	number = "1",
	year = "1981"
}

@Article{Gardner04,
	title = "A comprehensive comparison of comparative RNA structure prediction approaches",
	author = "Paul P Gardner and Robert Giegerich",
	journal = "BMC Bioinformatics",
	month = sep,
	year = "2004"
}

@Article{Hofacker94,
	title = "Fast folding and comparison of RNA secondary structures",
	author = "I. L. Hofacker and W. Fontana and P. F. Stadler and L. S. Bonhoeffer and M. Tacker and P. Schuster",
	journal = {Monatshefte f{\"u}r Chemie},
	volume = "125",
	number = "2",
	year = "1994"
}

@BOOK{latex,
  AUTHOR="Leslie Lamport",
  TITLE="\LaTeX{}: A Document Preparation System",
  PUBLISHER="Addison-Wesley",
  ADDRESS="Reading, Massachusetts",
  YEAR=1994,
  ISBN="0-201-52983-1"
}

@BOOK{Gamma,
	title = "Design Patterns Elements of Reusable Object-Oriented Software",
	author = "Erich Gamma and Richard Helm and Ralph Johnson and John Vlissides",
	publisher = "Addison-Wesley",
	year = "2005"
}

@BOOK{uml,
    AUTHOR="G. Booch, J. Rumbaugh, and I. Jacobson",
    TITLE="Unified Modeling Language User Guide, Second Edition.",
    PUBLISHER="Santa Barbara: Prentice Hall Professional Technical Reference",
    YEAR=2005,
}

%%biology
@BOOK{curtis,
    AUTHOR="Curtis H., Sue Barnes N., Schnek A. \& Flores G.",
    TITLE="Biología.",
    PUBLISHER="Editorial Médica Panamericana S.A.",
    YEAR=2006,
	ISBN="950-06-0423-X"	
}


@ARTICLE{intaRNA,
  title = "{{IntaRNA}: efficient prediction of bacterial {sRNA} targets 
           incorporating target site accessibility and seed regions}",
  author = "{Busch et al.}",
  journal =	 {Bioinformatics},
  year =	 {2008},
  volume =	 {24},
  number =	 {24},
  pages =	 {2849-56},
  user =	 {arichter},
  pmid =	 {18940824},
  doi = 	 {10.1093/bioinformatics/btn544},
  issn =	 {1367-4803},
  issn =	 {1460-2059},
  abstract =	 {MOTIVATION: During the last few years, several new small 
                  regulatory RNAs (sRNAs) have been discovered in bacteria. 
                  Most of them act as post-transcriptional regulators by base 
                  pairing to a target mRNA, causing translational repression 
                  or activation, or mRNA degradation. Numerous sRNAs have 
                  already been identified, but the number of experimentally 
                  verified targets is considerably lower. Consequently, 
                  computational target prediction is in great demand. Many 
                  existing target prediction programs neglect the 
                  accessibility of target sites and the existence of a seed, 
                  while other approaches are either specialized to certain 
                  types of RNAs or too slow for genome-wide searches. RESULTS: 
                  We introduce INTARNA, a new general and fast approach to the 
                  prediction of RNA-RNA interactions incorporating 
                  accessibility of target sites as well as the existence of a 
                  user-definable seed. We successfully applied INTARNA to the 
                  prediction of bacterial sRNA targets and determined the 
                  exact locations of the interactions with a higher accuracy 
                  than competing programs. AVAILABILITY: 
                  http://www.bioinf.uni-freiburg.de/Software/}
}
%  author = "{Busch, Anke and Richter, Andreas S. and Backofen, Rolf}",

@ARTICLE{geneDesign,
   TITLE="{GeneDesign 3.0 is an updated synthetic biology toolkit.}",
   AUTHOR="{Richardson et al.}",
   YEAR=2010
}
%   AUTHOR="{Sarah M. Richardson, Paul W. Nunley, Robert M. Yarrington, Jef D. Boeke and Joel S. Bader.}",

@ARTICLE{unafold,
   TITLE="{UNAFold: Software for Nucleic Acid Folding and Hybridization.}", 
   AUTHOR="{N.R. Markham \& M.Zuker.}",
   YEAR=2008
}

@ARTICLE{rnaup,
   TITLE="{Thermodynamics of RNA-RNA Binding}",
   AUTHOR="{Muckstein et al.}",
   YEAR=2005,
   PAGES={1-6}
}
%   AUTHOR="{U. Muckstein, H. Tafer, J. Hackermuller, S. Bernhart, P. Stadler and I. Hofacker}",

@ARTICLE{vienna,
   TITLE="{Fast Folding and Comparison of RNA Secondary Structures (The Vienna RNA Package)}",
   AUTHOR="{Hofacker et al.}",
   YEAR=1994,
   PAGES={167-188}
}
%   AUTHOR="{I.L. Hofacker, W. Fontana, P.F. Stadler, S. Bonhoeffer, M. Tacker, P. Schuster}",

@ARTICLE{rnahybrid,
   TITLE="{Fast and effective prediction of microRNA/target duplexes.}",
   AUTHOR="{Rehmsmeier at el.}",
   PAGES={1507-1517},
   YEAR=2004
}
%  AUTHOR="{Marc Rehmsmeier, Steffen, Matthias Höchsmann \& Robert Giegerich}",

@ARTICLE{royce,
   AUTHOR="{Winston Royce}",
   TITLE="{Managing the Development of Large Software Systems}",
   YEAR=1970
}

@BOOK{Mcconnell96,
  title = "Rapid Development: taming wild software schedules",
  author = "Steve McConnell",
  publisher = "Microsoft Press",  
  year = "1996"
}